<?xml version = "1.0" encoding = "UTF-8"?><record>
  <leader>01858nmm#a2200493#c#4500</leader>
  <controlfield tag="005">20210409090906.0</controlfield>
  <controlfield tag="007">cr#|||||||||||</controlfield>
  <controlfield tag="008">141125|2014####gw######o##|########ger#c</controlfield>
  <controlfield tag="003">DE-605</controlfield>
  <controlfield tag="001">990206060640206441</controlfield>
  <datafield tag="016" ind1="7" ind2=" ">
    <subfield code="a">1075919546</subfield>
    <subfield code="2">OCoLC</subfield>
  </datafield>
  <datafield tag="020" ind1=" " ind2=" ">
    <subfield code="a">9783412216689</subfield>
    <subfield code="9">978-3-412-21668-9</subfield>
  </datafield>
  <datafield tag="035" ind1=" " ind2=" ">
    <subfield code="a">(DE-605)HT018468645</subfield>
  </datafield>
  <datafield tag="040" ind1=" " ind2=" ">
    <subfield code="a">466</subfield>
    <subfield code="b">ger</subfield>
    <subfield code="d">466</subfield>
    <subfield code="e">rakddb</subfield>
  </datafield>
  <datafield tag="041" ind1=" " ind2=" ">
    <subfield code="a">ger</subfield>
  </datafield>
  <datafield tag="044" ind1=" " ind2=" ">
    <subfield code="c">XA-DE-NW</subfield>
  </datafield>
  <datafield tag="084" ind1=" " ind2=" ">
    <subfield code="a">943</subfield>
    <subfield code="q">DE-101</subfield>
    <subfield code="2">sdnb</subfield>
  </datafield>
  <datafield tag="084" ind1=" " ind2=" ">
    <subfield code="a">330</subfield>
    <subfield code="2">rpb</subfield>
  </datafield>
  <datafield tag="084" ind1=" " ind2=" ">
    <subfield code="a">380</subfield>
    <subfield code="2">rpb</subfield>
  </datafield>
  <datafield tag="245" ind1="0" ind2="0">
    <subfield code="a">&quot;Arisierung&quot; und &quot;Wiedergutmachung&quot; in deutschen St&#228;dten</subfield>
    <subfield code="h">Elektronische Ressource</subfield>
    <subfield code="c">Hrsg. von Fritsche, Christiane ; Paulmann, Johannes</subfield>
  </datafield>
  <datafield tag="264" ind1=" " ind2="1">
    <subfield code="a">K&#246;ln [u.a.]</subfield>
    <subfield code="b">B&#246;hlau</subfield>
    <subfield code="c">2014</subfield>
  </datafield>
  <datafield tag="300" ind1=" " ind2=" ">
    <subfield code="a">394 S. : Ill., graph. Darst.</subfield>
  </datafield>
  <datafield tag="340" ind1=" " ind2=" ">
    <subfield code="a">Online-Ressource</subfield>
    <subfield code="9">F:652a</subfield>
  </datafield>
  <datafield tag="655" ind1=" " ind2="7">
    <subfield code="a">Aufsatzsammlung</subfield>
    <subfield code="0">(DE-588)4143413-4</subfield>
    <subfield code="2">gnd-content</subfield>
  </datafield>
  <datafield tag="689" ind1="0" ind2="0">
    <subfield code="a">Deutschland</subfield>
    <subfield code="D">g</subfield>
    <subfield code="0">(DE-588)4011882-4</subfield>
    <subfield code="0">(uri) https://portal.dnb.de/opac.htm?method=simpleSearch&amp;cqlMode=true&amp;query=idn=040118827</subfield>
    <subfield code="0">(uri) http://viaf.org/viaf/sourceID/DNB|040118827</subfield>
  </datafield>
  <datafield tag="689" ind1="0" ind2="1">
    <subfield code="a">Arisierung</subfield>
    <subfield code="D">s</subfield>
    <subfield code="0">(DE-588)4219952-9</subfield>
    <subfield code="0">(uri) https://portal.dnb.de/opac.htm?method=simpleSearch&amp;cqlMode=true&amp;query=idn=042199522</subfield>
    <subfield code="0">(uri) http://viaf.org/viaf/sourceID/DNB|042199522</subfield>
  </datafield>
  <datafield tag="689" ind1="0" ind2="2">
    <subfield code="a">Wiedergutmachung</subfield>
    <subfield code="D">s</subfield>
    <subfield code="0">(DE-588)4136959-2</subfield>
    <subfield code="0">(uri) https://portal.dnb.de/opac.htm?method=simpleSearch&amp;cqlMode=true&amp;query=idn=041369599</subfield>
    <subfield code="0">(uri) http://viaf.org/viaf/sourceID/DNB|041369599</subfield>
  </datafield>
  <datafield tag="689" ind1="0" ind2="3">
    <subfield code="a">Geschichte</subfield>
    <subfield code="D">s</subfield>
    <subfield code="0">(DE-588)4020517-4</subfield>
    <subfield code="0">(uri) https://portal.dnb.de/opac.htm?method=simpleSearch&amp;cqlMode=true&amp;query=idn=040205177</subfield>
    <subfield code="0">(uri) http://viaf.org/viaf/sourceID/DNB|040205177</subfield>
  </datafield>
  <datafield tag="700" ind1="1" ind2=" ">
    <subfield code="a">Fritsche, Christiane</subfield>
    <subfield code="d">1979-</subfield>
    <subfield code="0">(DE-588)128495626</subfield>
    <subfield code="4">edt</subfield>
    <subfield code="0">(uri) https://portal.dnb.de/opac.htm?method=simpleSearch&amp;cqlMode=true&amp;query=idn=128495626</subfield>
    <subfield code="0">(uri) http://viaf.org/viaf/sourceID/DNB|128495626</subfield>
  </datafield>
  <datafield tag="700" ind1="1" ind2=" ">
    <subfield code="a">Paulmann, Johannes</subfield>
    <subfield code="d">1960-</subfield>
    <subfield code="0">(DE-588)122511158</subfield>
    <subfield code="4">edt</subfield>
    <subfield code="0">(uri) https://portal.dnb.de/opac.htm?method=simpleSearch&amp;cqlMode=true&amp;query=idn=122511158</subfield>
    <subfield code="0">(uri) http://viaf.org/viaf/sourceID/DNB|122511158</subfield>
  </datafield>
  <datafield tag="776" ind1="0" ind2="8">
    <subfield code="i">Erscheint auch als</subfield>
    <subfield code="n">Druck-Ausgabe</subfield>
    <subfield code="z">3412221600</subfield>
    <subfield code="9">3-412-22160-0</subfield>
    <subfield code="0">(uri) http://www.isbnsearch.org/isbn/3412221600</subfield>
  </datafield>
  <datafield tag="776" ind1="0" ind2="8">
    <subfield code="i">Erscheint auch als</subfield>
    <subfield code="n">Druck-Ausgabe</subfield>
    <subfield code="z">9783412221607</subfield>
    <subfield code="9">978-3-412-22160-7</subfield>
    <subfield code="0">(uri) http://www.isbnsearch.org/isbn/9783412221607</subfield>
  </datafield>
  <datafield tag="856" ind1="4" ind2=" ">
    <subfield code="u">http://dx.doi.org/10.7788/boehlau.9783412216689</subfield>
    <subfield code="x">Verlag</subfield>
  </datafield>
  <datafield tag="856" ind1="4" ind2="2">
    <subfield code="u">http://deposit.d-nb.de/cgi-bin/dokserv?id=4535439&amp;prov=M&amp;dok_var=1&amp;dok_ext=htm</subfield>
    <subfield code="m">X:MVB</subfield>
    <subfield code="q">text/html</subfield>
    <subfield code="3">Inhaltstext</subfield>
  </datafield>
  <datafield tag="912" ind1=" " ind2=" ">
    <subfield code="a">ZDB-117-VRE</subfield>
  </datafield>
  <datafield tag="912" ind1=" " ind2=" ">
    <subfield code="a">ZDB-23-DGG</subfield>
  </datafield>
  <datafield tag="960" ind1="1" ind2=" ">
    <subfield code="n">NWBib-61</subfield>
  </datafield>
  <datafield tag="962" ind1=" " ind2=" ">
    <subfield code="e">ZDB-117-VRE</subfield>
    <subfield code="e">ZDB-23-DGG</subfield>
  </datafield>
  <datafield tag="964" ind1="0" ind2="s">
    <subfield code="F">030</subfield>
    <subfield code="A">a||da||||||37</subfield>
  </datafield>
  <datafield tag="964" ind1="0" ind2="s">
    <subfield code="F">050</subfield>
    <subfield code="A">||||||||g|||||</subfield>
  </datafield>
  <datafield tag="964" ind1="0" ind2="s">
    <subfield code="F">051</subfield>
    <subfield code="A">m|||||||</subfield>
  </datafield>
  <datafield tag="035" ind1=" " ind2=" ">
    <subfield code="a">(OCoLC)1075919546</subfield>
    <subfield code="0">(uri) http://www.worldcat.org/oclc/1075919546</subfield>
  </datafield>
  <datafield tag="035" ind1=" " ind2=" ">
    <subfield code="a">(DE-599)HBZHT018468645</subfield>
  </datafield>
  <datafield tag="024" ind1="7" ind2=" ">
    <subfield code="a">10.7788/boehlau.9783412216689</subfield>
    <subfield code="2">doi</subfield>
  </datafield>
  <datafield tag="MBD" ind1=" " ind2=" ">
    <subfield code="M">49HBZ_NETWORK</subfield>
    <subfield code="i">990206060640206441</subfield>
    <subfield code="n">HBZ Network</subfield>
  </datafield>
  <datafield tag="MBD" ind1=" " ind2=" ">
    <subfield code="M">49HBZ_PAD</subfield>
    <subfield code="i">990017647970106463</subfield>
    <subfield code="n">Universitat Paderborn</subfield>
  </datafield>
  <datafield tag="020" ind1=" " ind2=" ">
    <subfield code="a">9783412216689</subfield>
    <subfield code="9">978-3-412-21668-9</subfield>
    <subfield code="M">49HBZ_PAD</subfield>
  </datafield>
  <datafield tag="340" ind1=" " ind2=" ">
    <subfield code="a">Online-Ressource</subfield>
    <subfield code="9">F:652a</subfield>
    <subfield code="M">49HBZ_PAD</subfield>
  </datafield>
  <datafield tag="776" ind1="0" ind2="8">
    <subfield code="i">Erscheint auch als</subfield>
    <subfield code="n">Druck-Ausgabe</subfield>
    <subfield code="z">3412221600</subfield>
    <subfield code="9">3-412-22160-0</subfield>
    <subfield code="M">49HBZ_PAD</subfield>
  </datafield>
  <datafield tag="776" ind1="0" ind2="8">
    <subfield code="i">Erscheint auch als</subfield>
    <subfield code="n">Druck-Ausgabe</subfield>
    <subfield code="z">9783412221607</subfield>
    <subfield code="9">978-3-412-22160-7</subfield>
    <subfield code="M">49HBZ_PAD</subfield>
  </datafield>
  <datafield tag="981" ind1=" " ind2=" ">
    <subfield code="a">001764797</subfield>
    <subfield code="l">doclib</subfield>
    <subfield code="9">LOCAL</subfield>
    <subfield code="M">49HBZ_PAD</subfield>
  </datafield>
  <datafield tag="MBD" ind1=" " ind2=" ">
    <subfield code="M">49HBZ_BIE</subfield>
    <subfield code="i">991019532669706442</subfield>
    <subfield code="n">Universit&#228;t Bielefeld</subfield>
  </datafield>
  <datafield tag="020" ind1=" " ind2=" ">
    <subfield code="a">9783412216689</subfield>
    <subfield code="9">978-3-412-21668-9</subfield>
    <subfield code="M">49HBZ_BIE</subfield>
  </datafield>
  <datafield tag="340" ind1=" " ind2=" ">
    <subfield code="a">Online-Ressource</subfield>
    <subfield code="9">F:652a</subfield>
    <subfield code="M">49HBZ_BIE</subfield>
  </datafield>
  <datafield tag="776" ind1="0" ind2="8">
    <subfield code="i">Erscheint auch als</subfield>
    <subfield code="n">Druck-Ausgabe</subfield>
    <subfield code="z">3412221600</subfield>
    <subfield code="9">3-412-22160-0</subfield>
    <subfield code="M">49HBZ_BIE</subfield>
  </datafield>
  <datafield tag="776" ind1="0" ind2="8">
    <subfield code="i">Erscheint auch als</subfield>
    <subfield code="n">Druck-Ausgabe</subfield>
    <subfield code="z">9783412221607</subfield>
    <subfield code="9">978-3-412-22160-7</subfield>
    <subfield code="M">49HBZ_BIE</subfield>
  </datafield>
  <datafield tag="980" ind1="1" ind2=" ">
    <subfield code="a">ZDB-23-DGG</subfield>
    <subfield code="a">ZDB-23-DEG</subfield>
    <subfield code="a">Lizenz2014</subfield>
    <subfield code="e">HBZ</subfield>
    <subfield code="9">LOCAL</subfield>
    <subfield code="M">49HBZ_BIE</subfield>
  </datafield>
  <datafield tag="981" ind1=" " ind2=" ">
    <subfield code="a">(DE-361)2447561</subfield>
    <subfield code="9">LOCAL</subfield>
    <subfield code="M">49HBZ_BIE</subfield>
  </datafield>
  <datafield tag="983" ind1=" " ind2=" ">
    <subfield code="b">DD834</subfield>
    <subfield code="b">CB088.89</subfield>
    <subfield code="9">LOCAL</subfield>
    <subfield code="M">49HBZ_BIE</subfield>
  </datafield>
  <datafield tag="991" ind1=" " ind2=" ">
    <subfield code="a">PDA Degruyter Kauftitel 2014</subfield>
    <subfield code="9">LOCAL</subfield>
    <subfield code="M">49HBZ_BIE</subfield>
  </datafield>
  <datafield tag="997" ind1=" " ind2=" ">
    <subfield code="a">20151118</subfield>
    <subfield code="9">LOCAL</subfield>
    <subfield code="M">49HBZ_BIE</subfield>
  </datafield>
  <datafield tag="998" ind1="4" ind2=" ">
    <subfield code="z">Info: Zugriff nur im Hochschulnetz der Universit&#228;t Bielefeld bzw. f&#252;r autorisierte Benutzer</subfield>
    <subfield code="9">LOCAL</subfield>
    <subfield code="M">49HBZ_BIE</subfield>
  </datafield>
  <datafield tag="MNG" ind1=" " ind2=" ">
    <subfield code="c">System</subfield>
    <subfield code="f">ILS</subfield>
    <subfield code="i">marc21</subfield>
    <subfield code="k">01</subfield>
    <subfield code="e">false</subfield>
    <subfield code="d">2022-04-14 04:13:39 Europe/Berlin</subfield>
    <subfield code="g">020606064-HBZ01</subfield>
    <subfield code="j">60</subfield>
    <subfield code="a">import</subfield>
    <subfield code="b">2021-04-05 21:12:28 Europe/Berlin</subfield>
  </datafield>
  <datafield tag="POR" ind1=" " ind2=" ">
    <subfield code="x">System</subfield>
    <subfield code="a">53165716350006463</subfield>
    <subfield code="M">49HBZ_PAD</subfield>
    <subfield code="c">static</subfield>
    <subfield code="y">2022-07-18 10:07:06 Europe/Berlin</subfield>
    <subfield code="w">2022-07-18 10:07:00 Europe/Berlin</subfield>
    <subfield code="D">https://eu04.alma.exlibrisgroup.com/view/uresolver/49HBZ_NETWORK/openurl?u.ignore_date_coverage=true&amp;portfolio_pid=53165716350006463&amp;Force_direct=true</subfield>
    <subfield code="v">P2E_JOB</subfield>
    <subfield code="z">2022-07-18 08:07:00</subfield>
    <subfield code="i">false</subfield>
    <subfield code="g">P0001</subfield>
    <subfield code="S">52165716360006463</subfield>
    <subfield code="d">https://hbz-network.userservices.exlibrisgroup.com/view/uresolver/49HBZ_NETWORK/openurl?u.ignore_date_coverage=true&amp;rft.mms_id=990017647970106463</subfield>
    <subfield code="b">Available</subfield>
    <subfield code="f">DOCUMENT</subfield>
    <subfield code="e">http://dx.doi.org/10.7788/boehlau.9783412216689</subfield>
    <subfield code="8">53165716350006463</subfield>
  </datafield>
  <datafield tag="POR" ind1=" " ind2=" ">
    <subfield code="x">System</subfield>
    <subfield code="a">53307086040006442</subfield>
    <subfield code="M">49HBZ_BIE</subfield>
    <subfield code="c">static</subfield>
    <subfield code="l">Info: Zugriff nur im Hochschulnetz der Universit&#228;t Bielefeld bzw. f&#252;r autorisierte Benutzer</subfield>
    <subfield code="y">2021-04-19 22:41:27 Europe/Berlin</subfield>
    <subfield code="w">2021-04-19 22:41:24 Europe/Berlin</subfield>
    <subfield code="D">https://eu04.alma.exlibrisgroup.com/view/uresolver/49HBZ_NETWORK/openurl?u.ignore_date_coverage=true&amp;portfolio_pid=53307086040006442&amp;Force_direct=true</subfield>
    <subfield code="v">P2E_JOB</subfield>
    <subfield code="z">2021-04-19 20:41:24</subfield>
    <subfield code="i">false</subfield>
    <subfield code="S">52307086050006442</subfield>
    <subfield code="d">https://hbz-network.userservices.exlibrisgroup.com/view/uresolver/49HBZ_NETWORK/openurl?u.ignore_date_coverage=true&amp;rft.mms_id=991019532669706442</subfield>
    <subfield code="b">Available</subfield>
    <subfield code="f">BOOK</subfield>
    <subfield code="e">http://dx.doi.org/10.7788/boehlau.9783412216689</subfield>
    <subfield code="8">53307086040006442</subfield>
  </datafield>
  <datafield tag="POR" ind1=" " ind2=" ">
    <subfield code="x">System</subfield>
    <subfield code="a">53307086020006442</subfield>
    <subfield code="M">49HBZ_BIE</subfield>
    <subfield code="c">static</subfield>
    <subfield code="l">Info: Zugriff nur im Hochschulnetz der Universit&#228;t Bielefeld bzw. f&#252;r autorisierte Benutzer</subfield>
    <subfield code="y">2021-04-19 22:41:27 Europe/Berlin</subfield>
    <subfield code="w">2021-04-19 22:41:24 Europe/Berlin</subfield>
    <subfield code="D">https://eu04.alma.exlibrisgroup.com/view/uresolver/49HBZ_NETWORK/openurl?u.ignore_date_coverage=true&amp;portfolio_pid=53307086020006442&amp;Force_direct=true</subfield>
    <subfield code="v">P2E_JOB</subfield>
    <subfield code="z">2021-04-19 20:41:24</subfield>
    <subfield code="i">false</subfield>
    <subfield code="S">52307086030006442</subfield>
    <subfield code="d">https://hbz-network.userservices.exlibrisgroup.com/view/uresolver/49HBZ_NETWORK/openurl?u.ignore_date_coverage=true&amp;rft.mms_id=991019532669706442</subfield>
    <subfield code="b">Available</subfield>
    <subfield code="f">BOOK</subfield>
    <subfield code="e">http://deposit.d-nb.de/cgi-bin/dokserv?id=4535439%26prov=M%26dok_var=1%26dok_ext=htm</subfield>
    <subfield code="8">53307086020006442</subfield>
  </datafield>
</record>